@article{Laczkovich1990,
author = {Miklós Laczkovich},
journal = {Journal für die reine und angewandte Mathematik},
keywords = {Tarski's circle-squaring problem; circle; square; translations},
pages = {77-117},
title = {Equidecomposability and discrepancy; a solution of Tarski's circle-squaring problem},
url = {http://eudml.org/doc/153197},
volume = {404},
year = {1990},
}

@article{[DHK], 
author = {L. Dubins, M.W. Hirsch, J. Karush}, 
title = {Scissor congruence}, 
journal = {Israel J. Math.}, 
volume = {1}, 
year = {1963}, 
pages = {239–247}}

@misc{WBG,
 author = "Weisstein, Eric W., MathWorld--A Wolfram Web Resource. ", 
 title = "Wallace-Bolyai-Gerwien Theorem.", 
 howpublished = "\url{https://mathworld.wolfram.com/Wallace-Bolyai-GerwienTheorem.html}" 
}

@book{spivak,
   title =     {A Comprehensive Introduction to Differential Geometry, Vol. 2, 3rd Edition },
   author =    {Michael Spivak},
   publisher = {Publish or Perish},
   isbn =      {9780914098713,0914098713},
   year =      {1999},
   series =    {},
   edition =   {3rd},
   volume =    {},
   chapter = {1st}}
   
@article{Grabowski,
title = "Measurable circle squaring",
keywords = "math.MG, math.CO, Equidecomposition, Graph matching, Measurability, Tarski's circle squaring",
author = "{\L}ukasz Grabowski and Andr{\'a}s M{\'a}th{\'e} and Oleg Pikhurko",
year = "2017",
month = mar,
doi = "10.4007/annals.2017.185.2.6",
language = "English",
volume = "185",
pages = "671--710",
journal = "Annals of Mathematics",
issn = "0003-486X",
publisher = "Princeton University Press",
number = "2",

}
